@INPROCEEDINGS{fayyad,
author={U. {Fayyad}},
booktitle={Proceedings. Ninth International Conference on Scientific and Statistical Database Management (Cat. No.97TB100150)}, title={Data mining and knowledge discovery in databases: implications for scientific databases},
year={1997},
volume={},
number={},
pages={2-11},
doi={10.1109/SSDM.1997.621141}}